@article { linuxmag-7841,
    author  = "Aleksey Tsalolikhin", 
    title   = "The State of Open Source System Automation",
    journal = "Linux Magazine",
    year    = 2010,
    month   = "August",
    url     = "http://www.linux-mag.com/id/7841/"
}

@conference { chris-mason-the-btrfs-filesystem,
    author  = "Chris Mason",
    title   = "The Btrfs Filesystem",
    year    = 2007,
    month   = "September",
    url     = "https://oss.oracle.com/projects/btrfs/dist/documentation/btrfs-ukuug.pdf"
}

@article { revisiting-how-we-put-together-linux-systems,
    author  = "Lennart Poettering",
    title   = "Revisiting How We Put Together Linux Systems",
    url     = "http://0pointer.net/blog/revisiting-how-we-put-together-linux-systems.html"
    year    = 2014,
    month   = "September"
}

@misc { stable-kernels-fail-to-mount-btrfs,
    title   = "Current stable kernels (< 3.19.4) may fail to mount btrfs and deadlock on boot",
    year    = 2015,
    month   = "April",
    url     = "http://www.reddit.com/r/linux/comments/31s042/current_stable_kernels_3194_may_fail_to_mount/"
}

@misc { btrfs-corruption,
    author  = "Russell Coker",
    title   = "3.14.2 Debian kernel BTRFS corruption after balance",
    year    = 2014,
    month   = "May",
    url     = "http://www.spinics.net/lists/linux-btrfs/msg34221.html"
}

@misc { btrfs-progs-optionally-enforce-chroot-for-btrfs-receive,
    author  = "Lauri VÃµsandi",
    title   = "btrfs-progs: optionally enforce chroot for btrfs receive",
    year    = 2015,
    month   = "April",
    url     = "https://github.com/kdave/btrfs-progs/commit/ca09a916f56fac1d577add4310ab77f5fb04aa93"
}

@article { btrfs-the-linux-b-tree-filesystem,
    author  = "Ohad Rodeh and Josef Bacik and Chris Mason",
    title   = "BTRFS: The Linux B-tree Filesystem",
    year    = 2012,
    moth    = "July",
    url     = "http://www.cse.iitb.ac.in/~johncf/papers/btrfs.pdf"
}

@article { safe-upgrade-of-embedded-systems,
    author  = "Arnout Vandecapelle",
    title   = "Safe upgrade of embedded systems",
    year    = 2012,
    url     = "https://archive.fosdem.org/2012/schedule/event/699/130_Presentation_Safe-Upgrade.pdf"
}

@article { building-murphy-compatible-embedded-linux-systems,
    author  = "Gilad Ben-Yossef",
    title   = "Building Murphy-compatible embedded Linux systems",
    year    = 2014,
    month   = "November",
    url     = "https://blog.feabhas.com/wp-content/uploads/2014/11/Writing-a-Linux-Update-Mechanism.pdf"
}

@article { software-update-scheme-by-airwaves,
    title   = "A software update scheme by airwaves for automotive equipment",
    author  = "Tsuneo Nakanishi and Hsin-Han Shih and Kenji Hisazumi and Akira Fukuda",
    year    = 2013
}

@article { fedora-and-lvm,
    author  = "Jonathan Corbet",
    year    = 2012,
    month   = "October",
    title   = "Fedora and LVM",
    url     = "http://lwn.net/Articles/522073/"
}

@article { btrfs-for-3.19,
    author  = "Chris Mason",
    title   = "Btrfs for 3.19-rc",
    year    = 2014,
    month   = "December",
    url     = "http://lkml.iu.edu/hypermail/linux/kernel/1412.1/03583.html"
}

@article { systemd-nspawn,
    title   = "Creating containers with systemd-nspawn",
    journal = "LWN.net",
    author  = "Jake Edge",
    year    = 2013,
    month   = "November",
    url     = "https://lwn.net/Articles/572957/"
}

@article { tools-for-embedded-linux-dev,
    title   = "Tools and distributions for embedded Linux development",
    author  = "Tom Parkin",
    year    = 2010,
    month   = April,
    url     = "http://lwn.net/Articles/384713/"
}

@article { overlayfs,
    author  = "Neil Brown",
    title   = "Overlay Filesystem",
    year    = 2014,
    month   = "October",
    url = "https://git.kernel.org/cgit/linux/kernel/git/torvalds/linux.git/tree/Documentation/filesystems/overlayfs.txt"
}
